<?xml version="1.0" encoding="UTF-8"?><record xmlns="http://www.loc.gov/MARC21/slim" xmlns:cinclude="http://apache.org/cocoon/include/1.0" xmlns:zs="http://www.loc.gov/zing/srw/">
  <leader>00479nz  a2200133n  4500</leader>
  <controlfield tag="001">no2009154206</controlfield>
  <controlfield tag="003">DLC</controlfield>
  <controlfield tag="005">20090930075508.0</controlfield>
  <controlfield tag="008">090928n| acannaabn          |n aaa     c</controlfield>
  <datafield tag="010" ind1=" " ind2=" ">
    <subfield code="a">no2009154206</subfield>
  </datafield>
  <datafield tag="035" ind1=" " ind2=" ">
    <subfield code="a">(OCoLC)oca08254289</subfield>
  </datafield>
  <datafield tag="040" ind1=" " ind2=" ">
    <subfield code="a">NN</subfield>
    <subfield code="b">eng</subfield>
    <subfield code="c">NN</subfield>
  </datafield>
  <datafield tag="100" ind1="1" ind2=" ">
    <subfield code="a">Esca패rcega, Esteban</subfield>
  </datafield>
  <datafield tag="670" ind1=" " ind2=" ">
    <subfield code="a">Taller Coreogra패fico de la U.N.A.M. May 16, 2004-May 20, 2006 [VR] c2004-c2006:</subfield>
    <subfield code="b">credits (Esteban Esca패rcega; actor; performed with Taller Coreogra패fico de la U.N.A.M., Mexico City)</subfield>
  </datafield>
</record>